<record><leader>00000cas a2200000 a 4500</leader><controlfield tag="001">11172327</controlfield><controlfield tag="008">840919d18661907kyucr ne      0    0eng d</controlfield><datafield ind1=" " ind2=" " tag="010"><subfield code="a">sn 84027460 </subfield></datafield><datafield ind1=" " ind2=" " tag="040"><subfield code="a">NPU</subfield><subfield code="b">eng</subfield><subfield code="c">NPU</subfield><subfield code="d">KNP</subfield><subfield code="d">OCL</subfield><subfield code="d">KNP</subfield><subfield code="d">OCL</subfield><subfield code="d">OCLCQ</subfield><subfield code="d">KYUBL</subfield><subfield code="d">OCLCF</subfield><subfield code="d">OCLCO</subfield></datafield><datafield ind1=" " ind2=" " tag="019"><subfield code="a">11191007</subfield></datafield><datafield ind1="1" ind2=" " tag="029"><subfield code="a">AU@</subfield><subfield code="b">000025789399</subfield></datafield><datafield ind1=" " ind2=" " tag="042"><subfield code="a">msc</subfield></datafield><datafield ind1="0" ind2=" " tag="130"><subfield code="a">Kentucky gazette (Lexington, Ky. : 1866)</subfield></datafield><datafield ind1="0" ind2="4" tag="245"><subfield code="a">The Kentucky gazette.</subfield></datafield><datafield ind1="3" ind2="0" tag="246"><subfield code="a">Kentucky gazette weekly.</subfield></datafield><datafield ind1=" " ind2=" " tag="260"><subfield code="a">Lexington, Ky. :</subfield><subfield code="b">[s.n.],</subfield><subfield code="c">1866-</subfield></datafield><datafield ind1=" " ind2=" " tag="300"><subfield code="a">v. :</subfield><subfield code="b">ill. (chiefly advertisements) ;</subfield><subfield code="c">65 cm.</subfield></datafield><datafield ind1=" " ind2=" " tag="310"><subfield code="a">Semiweekly</subfield><subfield code="b">1866-</subfield></datafield><datafield ind1="0" ind2=" " tag="362"><subfield code="a">New ser., v. [1, no. 1] (June 23, 1866)-</subfield></datafield><datafield ind1="1" ind2=" " tag="362"><subfield code="a">Ceased in 1907?</subfield></datafield><datafield ind1=" " ind2=" " tag="500"><subfield code="a">Some alternating issues called: Kentucky gazette weekly.</subfield></datafield><datafield ind1=" " ind2=" " tag="500"><subfield code="a">Published every Wednesday and Saturday.</subfield></datafield><datafield ind1=" " ind2=" " tag="515"><subfield code="a">Issues for June 23, 1866- called also Old ser., v. 52, no. 53-</subfield></datafield><datafield ind1=" " ind2="4" tag="651"><subfield code="a">Lexington (Ky.)</subfield><subfield code="v">Newspapers.</subfield></datafield><datafield ind1=" " ind2="4" tag="651"><subfield code="a">Fayette County (Ky.)</subfield><subfield code="v">Newspapers.</subfield></datafield><datafield ind1=" " ind2="0" tag="651"><subfield code="a">Lexington (Ky.)</subfield><subfield code="x">Newspapers.</subfield></datafield><datafield ind1=" " ind2="0" tag="651"><subfield code="a">Fayette County (Ky.)</subfield><subfield code="x">Newspapers.</subfield></datafield><datafield ind1=" " ind2="7" tag="655"><subfield code="a">Newspapers.</subfield><subfield code="2">fast</subfield><subfield code="0">(OCoLC)fst01423814</subfield></datafield><datafield ind1=" " ind2="7" tag="651"><subfield code="a">Kentucky</subfield><subfield code="z">Fayette County.</subfield><subfield code="2">fast</subfield><subfield code="0">(OCoLC)fst01206953</subfield></datafield><datafield ind1=" " ind2="7" tag="651"><subfield code="a">Kentucky</subfield><subfield code="z">Lexington.</subfield><subfield code="2">fast</subfield><subfield code="0">(OCoLC)fst01206432</subfield></datafield><datafield ind1=" " ind2=" " tag="752"><subfield code="a">United States</subfield><subfield code="b">Kentucky</subfield><subfield code="c">Fayette</subfield><subfield code="d">Lexington.</subfield></datafield><datafield ind1="0" ind2="0" tag="780"><subfield code="t">Kentucky gazette (Lexington, Ky. : 1809)</subfield><subfield code="w">(DLC)sn 82014783</subfield></datafield><datafield ind1="0" ind2="0" tag="785"><subfield code="t">Kentucky evening gazette</subfield><subfield code="w">(DLC)sn 86069088</subfield></datafield></record>